<record><leader>00000cas a2200000 a 4500</leader><controlfield tag="001">22717248</controlfield><controlfield tag="008">901120u1966uuuunjuwr ne      0    0eng d</controlfield><datafield ind1=" " ind2=" " tag="010"><subfield code="a">sn 90063081 </subfield></datafield><datafield ind1=" " ind2=" " tag="040"><subfield code="a">NJW</subfield><subfield code="b">eng</subfield><subfield code="c">NJW</subfield><subfield code="d">OCLCQ</subfield></datafield><datafield ind1=" " ind2=" " tag="042"><subfield code="a">msc</subfield></datafield><datafield ind1="0" ind2="0" tag="245"><subfield code="a">South Jersey star and advertiser press.</subfield></datafield><datafield ind1=" " ind2=" " tag="260"><subfield code="a">Bridgeton, N.J. :</subfield><subfield code="b">Cumberland County Advertiser-Press, Inc.</subfield></datafield><datafield ind1=" " ind2=" " tag="300"><subfield code="a">v.</subfield></datafield><datafield ind1=" " ind2=" " tag="310"><subfield code="a">Weekly</subfield></datafield><datafield ind1="0" ind2=" " tag="362"><subfield code="a">Vol. 59, no. 32 (Feb. 17, 1966)-</subfield></datafield><datafield ind1=" " ind2=" " tag="752"><subfield code="a">United States</subfield><subfield code="b">New Jersey</subfield><subfield code="c">Cumberland</subfield><subfield code="d">Bridgeton.</subfield></datafield><datafield ind1="0" ind2="0" tag="780"><subfield code="t">Cumberland County advertiser-press</subfield><subfield code="w">(DLC)sn 90063080</subfield></datafield><datafield ind1="1" ind2=" " tag="029"><subfield code="a">AU@</subfield><subfield code="b">000025860641</subfield></datafield></record>